@book {eh16,
    AUTHOR = {Eisenbud, David and Harris, Joe},
    TITLE = {3264 and all that---a second course in algebraic geometry},
    PUBLISHER = {Cambridge University Press, Cambridge},
    YEAR = {2016},
    PAGES = {xiv+616},
    ISBN = {978-1-107-60272-4; 978-1-107-01708-5},
    MRCLASS = {14-01 (14C15 14M15 14N10)},
    MRNUMBER = {3617981},
    MRREVIEWER = {Arnaud Beauville},
    DOI = {10.1017/CBO9781139062046},
    URL = {https://doi.org/10.1017/CBO9781139062046},
}

@book {ful98,
    AUTHOR = {Fulton, William},
    TITLE = {Intersection theory},
    SERIES = {Ergebnisse der Mathematik und ihrer Grenzgebiete. 3. Folge. A
	Series of Modern Surveys in Mathematics [Results in
	    Mathematics and Related Areas. 3rd Series. A Series of Modern
	    Surveys in Mathematics]},
    VOLUME = {2},
    EDITION = {Second},
    PUBLISHER = {Springer-Verlag, Berlin},
    YEAR = {1998},
    PAGES = {xiv+470},
    ISBN = {3-540-62046-X; 0-387-98549-2},
    MRCLASS = {14C17 (14-02)},
    MRNUMBER = {1644323},
    DOI = {10.1007/978-1-4612-1700-8},
    URL = {https://doi.org/10.1007/978-1-4612-1700-8},
}

@book {gw10,
    AUTHOR = {G\"{o}rtz, Ulrich and Wedhorn, Torsten},
    TITLE = {Algebraic geometry {I}},
    SERIES = {Advanced Lectures in Mathematics},
    NOTE = {Schemes with examples and exercises},
    PUBLISHER = {Vieweg + Teubner, Wiesbaden},
    YEAR = {2010},
    PAGES = {viii+615},
    ISBN = {978-3-8348-0676-5},
    MRCLASS = {14-01},
    MRNUMBER = {2675155},
    MRREVIEWER = {C\'{\i}cero Carvalho},
    DOI = {10.1007/978-3-8348-9722-0},
    URL = {https://doi.org/10.1007/978-3-8348-9722-0},
}

@book {har77,
    AUTHOR = {Hartshorne, Robin},
    TITLE = {Algebraic geometry},
    NOTE = {Graduate Texts in Mathematics, No. 52},
    PUBLISHER = {Springer-Verlag, New York-Heidelberg},
    YEAR = {1977},
    PAGES = {xvi+496},
    ISBN = {0-387-90244-9},
    MRCLASS = {14-01},
    MRNUMBER = {0463157},
    MRREVIEWER = {Robert Speiser},
}

@misc{stacks,
    author       = {The {Stacks project authors}},
    title        = {The Stacks project},
    howpublished = {\url{https://stacks.math.columbia.edu}},
    year         = {2020},
}
